% Encoding: UTF-8
%QUOTE USING AN EXACT PAGE:
%~\cite[p.~48]{freeRTOS2016mastering}

%FreeRTOS
%~\cite{freeRTOS2016mastering}
%~\cite[p.~62]{freeRTOS2016mastering}
@book{freeRTOS2016mastering,
  title={Mastering the FreeRTOS Real Time Kernel, A hands-on tutorial guide},
  author={Barry, Richard},
  year={2016},
  publisher={Real Time Engineers Ltd.}
}

%C++ DEITEL>How to Program
%~\cite{deitel2017c++}
%~\cite[p.~62]{deitel2017c++}
@book{deitel2017c++,
  title={C++ How to program},
  author={Deitel, Paul J and Deitel, Harvey M},
  year={2017},
  publisher={Pearson Education}
}